<record><leader>00000cas a22000007a 4500</leader><controlfield tag="001">19503171</controlfield><controlfield tag="008">890406d19331943gauwr ne      0    0eng d</controlfield><datafield ind1=" " ind2=" " tag="010"><subfield code="a">sn 89053143 </subfield></datafield><datafield ind1=" " ind2=" " tag="040"><subfield code="a">NLG</subfield><subfield code="b">eng</subfield><subfield code="c">NLG</subfield><subfield code="d">GUA</subfield><subfield code="d">OCLCQ</subfield><subfield code="d">OCLCF</subfield><subfield code="d">OCLCO</subfield></datafield><datafield ind1="1" ind2=" " tag="029"><subfield code="a">AU@</subfield><subfield code="b">000026395422</subfield></datafield><datafield ind1=" " ind2=" " tag="042"><subfield code="a">msc</subfield></datafield><datafield ind1=" " ind2=" " tag="043"><subfield code="a">n-us-ga</subfield></datafield><datafield ind1="0" ind2=" " tag="130"><subfield code="a">Darien gazette (Darien, Ga. : 1933)</subfield></datafield><datafield ind1="1" ind2="4" tag="245"><subfield code="a">The Darien gazette.</subfield></datafield><datafield ind1=" " ind2=" " tag="260"><subfield code="a">Darien, Ga. :</subfield><subfield code="b">Albert C. Sweat,</subfield><subfield code="c">[1933-1943]</subfield></datafield><datafield ind1=" " ind2=" " tag="300"><subfield code="a">v.</subfield></datafield><datafield ind1=" " ind2=" " tag="310"><subfield code="a">Weekly</subfield></datafield><datafield ind1="0" ind2=" " tag="362"><subfield code="a">New vol. 1, no. 1 (Apr. 28, 1933)-</subfield></datafield><datafield ind1="1" ind2=" " tag="362"><subfield code="a">Ceased in 1943?</subfield></datafield><datafield ind1=" " ind2=" " tag="530"><subfield code="a">Also on microfilm: Athens, Ga. : University of Georgia Libraries.</subfield></datafield><datafield ind1=" " ind2=" " tag="580"><subfield code="a">Merged with: McIntosh County news, to form: Darien gazette combined with McIntosh County news.</subfield></datafield><datafield ind1=" " ind2="0" tag="651"><subfield code="a">Darien (Ga.)</subfield><subfield code="v">Newspapers.</subfield></datafield><datafield ind1=" " ind2="0" tag="651"><subfield code="a">McIntosh County (Ga.)</subfield><subfield code="v">Newspapers.</subfield></datafield><datafield ind1=" " ind2="7" tag="655"><subfield code="a">Newspapers.</subfield><subfield code="2">fast</subfield><subfield code="0">(OCoLC)fst01423814</subfield></datafield><datafield ind1=" " ind2="7" tag="651"><subfield code="a">Georgia</subfield><subfield code="z">Darien.</subfield><subfield code="2">fast</subfield><subfield code="0">(OCoLC)fst01210811</subfield></datafield><datafield ind1=" " ind2="7" tag="651"><subfield code="a">Georgia</subfield><subfield code="z">McIntosh County.</subfield><subfield code="2">fast</subfield><subfield code="0">(OCoLC)fst01217693</subfield></datafield><datafield ind1=" " ind2=" " tag="752"><subfield code="a">United States</subfield><subfield code="b">Georgia</subfield><subfield code="c">McIntosh</subfield><subfield code="d">Darien.</subfield></datafield><datafield ind1="1" ind2="7" tag="785"><subfield code="t">McIntosh County news</subfield><subfield code="w">(DLC)sn 89053144</subfield><subfield code="w">(OCoLC)19503258</subfield></datafield><datafield ind1="1" ind2="7" tag="785"><subfield code="t">Darien gazette combined with McIntosh County news</subfield><subfield code="w">(DLC)sn 89053145</subfield><subfield code="w">(OCoLC)19503417</subfield></datafield></record>